%% This BibTeX bibliography file was created using BibDesk.
%% http://bibdesk.sourceforge.net/

%% Created for Chibaharuka at 2017-06-18 05:13:32 +0800 


%% Saved with string encoding Unicode (UTF-8) 



@article{张瑞皊1989关于波导管内不能传播,
  title={关于波导管内不能传播TEM波的简单证明和唯象解释},
  author={张瑞皊},
  journal={江苏师范大学学报(自然科学版)},
  number={1},
  pages={96-99},
  year={1989},
}
@book{费恩曼物理学讲义, 
author={费恩曼 and 莱顿 and 桑兹}, 
year={2013.4}, 
title={费恩曼物理学讲义}, 
publisher ={上海:上海科学技术出版社},
pages={337-340}
}